%% This BibTeX bibliography file was created using BibDesk.
%% http://bibdesk.sourceforge.net/


%% Created for Tobias Mende at 2012-01-26 17:17:15 +0100 


%% Saved with string encoding Unicode (UTF-8) 



@techreport{:context-awareness-sim,
	Author = {Toni Piirainen and Ilkka Niskanen and Julia Kantorovitch and Jarmo Kalaoja},
	Date-Added = {2012-01-26 16:00:38 +0000},
	Date-Modified = {2012-01-26 16:10:26 +0000},
	Institution = {VTT Technical Research Centre of Finland},
	Keywords = {context awareness, simulator},
	Title = {Context Simulation and Support for Context-Aware Application Development},
	Bdsk-File-1 = {YnBsaXN0MDDUAQIDBAUIJidUJHRvcFgkb2JqZWN0c1gkdmVyc2lvblkkYXJjaGl2ZXLRBgdUcm9vdIABqAkKFRYXGyIjVSRudWxs0wsMDQ4RFFpOUy5vYmplY3RzV05TLmtleXNWJGNsYXNzog8QgASABqISE4ACgAOAB1lhbGlhc0RhdGFccmVsYXRpdmVQYXRo0hgNGRpXTlMuZGF0YU8RAqgAAAAAAqgAAgAADE1hY2ludG9zaCBIRAAAAAAAAAAAAAAAAAAAAMbANCpIKwAAAv8nfR9Db250ZXh0IFNpbXVsYXRpb24gIzJFQkUyODQucGRmAAAAAAAAAAAAAAAAAAAAAAAAAAAAAAAAAAAAAAAAAAAC6+KEysdgSAAAAAAAAAAAAAEAAgAACQAAAAAAAAAAAAAAAAAAAAAKcmVmZXJlbmNlcwAQAAgAAMbAGAoAAAARAAgAAMrHRCgAAAABACAC/yd9AvG14ALv3usC797dAuvkVQLQ2ssABbKCAACRnwACAGZNYWNpbnRvc2ggSEQ6VXNlcnM6AFRvYmk6AEFyYmVpdDoASU1JUzoAbWF0ZToAdHJ1bms6AENBU2k6AHJlZmVyZW5jZXM6AENvbnRleHQgU2ltdWxhdGlvbiAjMkVCRTI4NC5wZGYADgCaAEwAQwBvAG4AdABlAHgAdAAgAFMAaQBtAHUAbABhAHQAaQBvAG4AIABhAG4AZAAgAFMAdQBwAHAAbwByAHQAIABmAG8AcgAgAEMAbwBuAHQAZQB4AHQALQBBAHcAYQByAGUAIABBAHAAcABsAGkAYwBhAHQAaQBvAG4AIABEAGUAdgBlAGwAbwBwAG0AZQBuAHQALgBwAGQAZgAPABoADABNAGEAYwBpAG4AdABvAHMAaAAgAEgARAASAH8vVXNlcnMvVG9iaS9BcmJlaXQvSU1JUy9tYXRlL3RydW5rL0NBU2kvcmVmZXJlbmNlcy9Db250ZXh0IFNpbXVsYXRpb24gYW5kIFN1cHBvcnQgZm9yIENvbnRleHQtQXdhcmUgQXBwbGljYXRpb24gRGV2ZWxvcG1lbnQucGRmAAATABUvVm9sdW1lcy9NYWNpbnRvc2ggSEQA//8AAIAF0hwdHh9YJGNsYXNzZXNaJGNsYXNzbmFtZaMfICFdTlNNdXRhYmxlRGF0YVZOU0RhdGFYTlNPYmplY3RfEFouLi9yZWZlcmVuY2VzL0NvbnRleHQgU2ltdWxhdGlvbiBhbmQgU3VwcG9ydCBmb3IgQ29udGV4dC1Bd2FyZSBBcHBsaWNhdGlvbiBEZXZlbG9wbWVudC5wZGbSHB0kJaIlIVxOU0RpY3Rpb25hcnkSAAGGoF8QD05TS2V5ZWRBcmNoaXZlcgAIABEAFgAfACgAMgA1ADoAPABFAEsAUgBdAGUAbABvAHEAcwB2AHgAegB8AIYAkwCYAKADTANOA1MDXANnA2sDeQOAA4kD5gPrA+4D+wQAAAAAAAAAAgEAAAAAAAAAKAAAAAAAAAAAAAAAAAAABBI=}}

@inproceedings{office-assistant,
	Acmid = {325872},
	Address = {New York, NY, USA},
	Author = {Yan, Hao and Selker, Ted},
	Booktitle = {Proceedings of the 5th international conference on Intelligent user interfaces},
	Date-Modified = {2012-01-26 16:15:21 +0000},
	Doi = {http://doi.acm.org/10.1145/325737.325872},
	Isbn = {1-58113-134-8},
	Keywords = {agent, human-computer interaction, office automation, user interface, simulator, context-awareness},
	Location = {New Orleans, Louisiana, United States},
	Numpages = {4},
	Pages = {276--279},
	Publisher = {ACM},
	Series = {IUI '00},
	Title = {Context-aware office assistant},
	Url = {http://doi.acm.org/10.1145/325737.325872},
	Year = {2000},
	Bdsk-Url-1 = {http://doi.acm.org/10.1145/325737.325872},
	Bdsk-File-1 = {YnBsaXN0MDDUAQIDBAUIJidUJHRvcFgkb2JqZWN0c1gkdmVyc2lvblkkYXJjaGl2ZXLRBgdUcm9vdIABqAkKFRYXGyIjVSRudWxs0wsMDQ4RFFpOUy5vYmplY3RzV05TLmtleXNWJGNsYXNzog8QgASABqISE4ACgAOAB1lhbGlhc0RhdGFccmVsYXRpdmVQYXRo0hgNGRpXTlMuZGF0YU8RAioAAAAAAioAAgAADE1hY2ludG9zaCBIRAAAAAAAAAAAAAAAAAAAAMbANCpIKwAAAv8nfR9Db250ZXh0LUF3YXJlIE9mZmljIzJFQkUyRDgucGRmAAAAAAAAAAAAAAAAAAAAAAAAAAAAAAAAAAAAAAAAAAAC6+LYysdg9wAAAAAAAAAAAAEAAgAACQAAAAAAAAAAAAAAAAAAAAAKcmVmZXJlbmNlcwAQAAgAAMbAGAoAAAARAAgAAMrHRNcAAAABACAC/yd9AvG14ALv3usC797dAuvkVQLQ2ssABbKCAACRnwACAGZNYWNpbnRvc2ggSEQ6VXNlcnM6AFRvYmk6AEFyYmVpdDoASU1JUzoAbWF0ZToAdHJ1bms6AENBU2k6AHJlZmVyZW5jZXM6AENvbnRleHQtQXdhcmUgT2ZmaWMjMkVCRTJEOC5wZGYADgBGACIAQwBvAG4AdABlAHgAdAAtAEEAdwBhAHIAZQAgAE8AZgBmAGkAYwBlACAAQQBzAHMAaQBzAHQAYQBuAHQALgBwAGQAZgAPABoADABNAGEAYwBpAG4AdABvAHMAaAAgAEgARAASAFUvVXNlcnMvVG9iaS9BcmJlaXQvSU1JUy9tYXRlL3RydW5rL0NBU2kvcmVmZXJlbmNlcy9Db250ZXh0LUF3YXJlIE9mZmljZSBBc3Npc3RhbnQucGRmAAATABUvVm9sdW1lcy9NYWNpbnRvc2ggSEQA//8AAIAF0hwdHh9YJGNsYXNzZXNaJGNsYXNzbmFtZaMfICFdTlNNdXRhYmxlRGF0YVZOU0RhdGFYTlNPYmplY3RfEDAuLi9yZWZlcmVuY2VzL0NvbnRleHQtQXdhcmUgT2ZmaWNlIEFzc2lzdGFudC5wZGbSHB0kJaIlIVxOU0RpY3Rpb25hcnkSAAGGoF8QD05TS2V5ZWRBcmNoaXZlcgAIABEAFgAfACgAMgA1ADoAPABFAEsAUgBdAGUAbABvAHEAcwB2AHgAegB8AIYAkwCYAKACzgLQAtUC3gLpAu0C+wMCAwsDPgNDA0YDUwNYAAAAAAAAAgEAAAAAAAAAKAAAAAAAAAAAAAAAAAAAA2o=}}

@techreport{:home-simulator,
	Author = {Tam Van Nguyen and Huy Anh Nguyen and Deokjai Choi},
	Date-Added = {2012-01-26 16:00:15 +0000},
	Date-Modified = {2012-01-26 16:10:06 +0000},
	Institution = {Department of Computer Engineering, Chonnam National University, Korea},
	Keywords = {simulator, context awareness},
	Title = {Development of a Context Aware Virtual Smart Home Simulator},
	Year = {2010},
	Bdsk-File-1 = {YnBsaXN0MDDUAQIDBAUIJidUJHRvcFgkb2JqZWN0c1gkdmVyc2lvblkkYXJjaGl2ZXLRBgdUcm9vdIABqAkKFRYXGyIjVSRudWxs0wsMDQ4RFFpOUy5vYmplY3RzV05TLmtleXNWJGNsYXNzog8QgASABqISE4ACgAOAB1lhbGlhc0RhdGFccmVsYXRpdmVQYXRo0hgNGRpXTlMuZGF0YU8RAoAAAAAAAoAAAgAADE1hY2ludG9zaCBIRAAAAAAAAAAAAAAAAAAAAMbANCpIKwAAAv8nfR9EZXZlbG9wbWVudCBvZiBhIENvIzJFQkUyREQucGRmAAAAAAAAAAAAAAAAAAAAAAAAAAAAAAAAAAAAAAAAAAAC6+LdysdhKAAAAAAAAAAAAAEAAgAACQAAAAAAAAAAAAAAAAAAAAAKcmVmZXJlbmNlcwAQAAgAAMbAGAoAAAARAAgAAMrHRQgAAAABACAC/yd9AvG14ALv3usC797dAuvkVQLQ2ssABbKCAACRnwACAGZNYWNpbnRvc2ggSEQ6VXNlcnM6AFRvYmk6AEFyYmVpdDoASU1JUzoAbWF0ZToAdHJ1bms6AENBU2k6AHJlZmVyZW5jZXM6AERldmVsb3BtZW50IG9mIGEgQ28jMkVCRTJERC5wZGYADgCAAD8ARABlAHYAZQBsAG8AcABtAGUAbgB0ACAAbwBmACAAYQAgAEMAbwBuAHQAZQB4AHQAIABBAHcAYQByAGUAIABWAGkAcgB0AHUAYQBsACAAUwBtAGEAcgB0ACAASABvAG0AZQAgAFMAaQBtAHUAbABhAHQAbwByAC4AcABkAGYADwAaAAwATQBhAGMAaQBuAHQAbwBzAGgAIABIAEQAEgByL1VzZXJzL1RvYmkvQXJiZWl0L0lNSVMvbWF0ZS90cnVuay9DQVNpL3JlZmVyZW5jZXMvRGV2ZWxvcG1lbnQgb2YgYSBDb250ZXh0IEF3YXJlIFZpcnR1YWwgU21hcnQgSG9tZSBTaW11bGF0b3IucGRmABMAFS9Wb2x1bWVzL01hY2ludG9zaCBIRAD//wAAgAXSHB0eH1gkY2xhc3Nlc1okY2xhc3NuYW1lox8gIV1OU011dGFibGVEYXRhVk5TRGF0YVhOU09iamVjdF8QTS4uL3JlZmVyZW5jZXMvRGV2ZWxvcG1lbnQgb2YgYSBDb250ZXh0IEF3YXJlIFZpcnR1YWwgU21hcnQgSG9tZSBTaW11bGF0b3IucGRm0hwdJCWiJSFcTlNEaWN0aW9uYXJ5EgABhqBfEA9OU0tleWVkQXJjaGl2ZXIACAARABYAHwAoADIANQA6ADwARQBLAFIAXQBlAGwAbwBxAHMAdgB4AHoAfACGAJMAmACgAyQDJgMrAzQDPwNDA1EDWANhA7EDtgO5A8YDywAAAAAAAAIBAAAAAAAAACgAAAAAAAAAAAAAAAAAAAPd}}

@techreport{:simcon,
	Author = {Kris McGlinn and Rob Brennan and Dave Lewis},
	Date-Added = {2012-01-26 16:00:10 +0000},
	Date-Modified = {2012-01-26 16:10:15 +0000},
	Institution = {Trinity College Dublin},
	Keywords = {simulator, context awareness},
	Title = {The SimCon Generator},
	Year = {2011},
	Bdsk-File-1 = {YnBsaXN0MDDUAQIDBAUIJidUJHRvcFgkb2JqZWN0c1gkdmVyc2lvblkkYXJjaGl2ZXLRBgdUcm9vdIABqAkKFRYXGyIjVSRudWxs0wsMDQ4RFFpOUy5vYmplY3RzV05TLmtleXNWJGNsYXNzog8QgASABqISE4ACgAOAB1lhbGlhc0RhdGFccmVsYXRpdmVQYXRo0hgNGRpXTlMuZGF0YU8RAegAAAAAAegAAgAADE1hY2ludG9zaCBIRAAAAAAAAAAAAAAAAAAAAMbANCpIKwAAAv8nfRFNVUNzLWttY2dsaW5uLnBkZgAAAAAAAAAAAAAAAAAAAAAAAAAAAAAAAAAAAAAAAAAAAAAAAAAAAAAAAAAAAAAC7uqcytiA0gAAAAAAAAAAAAEAAgAACQAAAAAAAAAAAAAAAAAAAAAKcmVmZXJlbmNlcwAQAAgAAMbAGAoAAAARAAgAAMrYcsIAAAABACAC/yd9AvG14ALv3usC797dAuvkVQLQ2ssABbKCAACRnwACAFhNYWNpbnRvc2ggSEQ6VXNlcnM6AFRvYmk6AEFyYmVpdDoASU1JUzoAbWF0ZToAdHJ1bms6AENBU2k6AHJlZmVyZW5jZXM6AE1VQ3Mta21jZ2xpbm4ucGRmAA4AJAARAE0AVQBDAHMALQBrAG0AYwBnAGwAaQBuAG4ALgBwAGQAZgAPABoADABNAGEAYwBpAG4AdABvAHMAaAAgAEgARAASAEQvVXNlcnMvVG9iaS9BcmJlaXQvSU1JUy9tYXRlL3RydW5rL0NBU2kvcmVmZXJlbmNlcy9NVUNzLWttY2dsaW5uLnBkZgATABUvVm9sdW1lcy9NYWNpbnRvc2ggSEQA//8AAIAF0hwdHh9YJGNsYXNzZXNaJGNsYXNzbmFtZaMfICFdTlNNdXRhYmxlRGF0YVZOU0RhdGFYTlNPYmplY3RfEB8uLi9yZWZlcmVuY2VzL01VQ3Mta21jZ2xpbm4ucGRm0hwdJCWiJSFcTlNEaWN0aW9uYXJ5EgABhqBfEA9OU0tleWVkQXJjaGl2ZXIACAARABYAHwAoADIANQA6ADwARQBLAFIAXQBlAGwAbwBxAHMAdgB4AHoAfACGAJMAmACgAowCjgKTApwCpwKrArkCwALJAusC8ALzAwADBQAAAAAAAAIBAAAAAAAAACgAAAAAAAAAAAAAAAAAAAMX}}
